<?xml version="1.0" encoding="UTF-8"?><record xmlns="http://www.loc.gov/MARC21/slim" xmlns:cinclude="http://apache.org/cocoon/include/1.0" xmlns:zs="http://www.loc.gov/zing/srw/">
  <leader>00492cz  a2200157n  4500</leader>
  <controlfield tag="001">nr 95044271 </controlfield>
  <controlfield tag="003">DLC</controlfield>
  <controlfield tag="005">20060322083446.0</controlfield>
  <controlfield tag="008">951130n| acannaabn          |a aaa     c</controlfield>
  <datafield tag="010" ind1=" " ind2=" ">
    <subfield code="a">nr 95044271 </subfield>
  </datafield>
  <datafield tag="035" ind1=" " ind2=" ">
    <subfield code="a">(OCoLC)oca03980146</subfield>
  </datafield>
  <datafield tag="040" ind1=" " ind2=" ">
    <subfield code="a">CtY-Mus</subfield>
    <subfield code="b">eng</subfield>
    <subfield code="c">CtY-Mus</subfield>
    <subfield code="d">NjP</subfield>
  </datafield>
  <datafield tag="100" ind1="1" ind2=" ">
    <subfield code="a">Feldman, Morton,</subfield>
    <subfield code="d">1926-1987.</subfield>
    <subfield code="t">Projection,</subfield>
    <subfield code="n">no. 3</subfield>
  </datafield>
  <datafield tag="400" ind1="1" ind2=" ">
    <subfield code="a">Feldman, Morton,</subfield>
    <subfield code="d">1926-1987.</subfield>
    <subfield code="t">Projection 3</subfield>
  </datafield>
  <datafield tag="400" ind1="1" ind2=" ">
    <subfield code="a">Feldman, Morton,</subfield>
    <subfield code="d">1926-1987.</subfield>
    <subfield code="t">Projection three</subfield>
  </datafield>
  <datafield tag="670" ind1=" " ind2=" ">
    <subfield code="a">Feldman, M. Projection 3, c1964.</subfield>
  </datafield>
</record>